<record><leader>00000cas a2200000 a 4500</leader><controlfield tag="001">9677945</controlfield><controlfield tag="008">830707d185419uumauwr ne      0    0eng c</controlfield><datafield ind1=" " ind2=" " tag="010"><subfield code="a">sn 83045404 </subfield></datafield><datafield ind1=" " ind2=" " tag="040"><subfield code="a">CRL</subfield><subfield code="b">eng</subfield><subfield code="c">CRL</subfield><subfield code="d">NPW</subfield><subfield code="d">NPX</subfield><subfield code="d">NPY</subfield><subfield code="d">NPU</subfield><subfield code="d">DLC</subfield><subfield code="d">KNP</subfield><subfield code="d">NVH</subfield><subfield code="d">MGN</subfield><subfield code="d">CNK</subfield><subfield code="d">NVK</subfield><subfield code="d">OCL</subfield><subfield code="d">CVF</subfield><subfield code="d">GBVCP</subfield><subfield code="d">DLC</subfield><subfield code="d">OCLCQ</subfield><subfield code="d">OCLCF</subfield><subfield code="d">OCLCO</subfield></datafield><datafield ind1="7" ind2=" " tag="016"><subfield code="a">988192144</subfield><subfield code="2">DE-101</subfield></datafield><datafield ind1="7" ind2=" " tag="016"><subfield code="a">2419742-7</subfield><subfield code="2">DE-600</subfield></datafield><datafield ind1="7" ind2=" " tag="016"><subfield code="a">24197427</subfield><subfield code="2">de-600</subfield></datafield><datafield ind1="7" ind2=" " tag="016"><subfield code="a">988192144</subfield><subfield code="2">de-101</subfield></datafield><datafield ind1="1" ind2=" " tag="029"><subfield code="a">AU@</subfield><subfield code="b">000025813304</subfield></datafield><datafield ind1="1" ind2=" " tag="029"><subfield code="a">GBVCP</subfield><subfield code="b">56120084X</subfield></datafield><datafield ind1=" " ind2=" " tag="042"><subfield code="a">pcc</subfield></datafield><datafield ind1=" " ind2=" " tag="043"><subfield code="a">n-us-ma</subfield></datafield><datafield ind1="0" ind2="0" tag="050"><subfield code="a">Newspaper</subfield></datafield><datafield ind1="0" ind2="0" tag="245"><subfield code="a">Boston weekly transcript.</subfield></datafield><datafield ind1="1" ind2="3" tag="246"><subfield code="a">Weekly transcript</subfield></datafield><datafield ind1=" " ind2=" " tag="260"><subfield code="a">Boston, Mass. :</subfield><subfield code="b">Dutton &amp; Wentworth,</subfield><subfield code="c">1854-</subfield></datafield><datafield ind1=" " ind2=" " tag="300"><subfield code="a">v. ;</subfield><subfield code="c">60 cm.</subfield></datafield><datafield ind1=" " ind2=" " tag="310"><subfield code="a">Weekly</subfield></datafield><datafield ind1="0" ind2=" " tag="362"><subfield code="a">Vol. 3, no. 1 (Jan. 7, 1854)- = whole no. 91-</subfield></datafield><datafield ind1=" " ind2=" " tag="580"><subfield code="a">Daily eds.: Boston evening transcript (Boston, Mass. : 1854), 1854-1866, and: Boston daily evening transcript, 1866-1872, and: Boston evening transcript (Boston, Mass. : 1872), 1872-&lt;1917&gt;.</subfield></datafield><datafield ind1=" " ind2="0" tag="651"><subfield code="a">Boston (Mass.)</subfield><subfield code="v">Newspapers.</subfield></datafield><datafield ind1=" " ind2="7" tag="655"><subfield code="a">Newspapers.</subfield><subfield code="2">fast</subfield><subfield code="0">(OCoLC)fst01423814</subfield></datafield><datafield ind1=" " ind2="7" tag="651"><subfield code="a">Massachusetts</subfield><subfield code="z">Boston.</subfield><subfield code="2">fast</subfield><subfield code="0">(OCoLC)fst01205012</subfield></datafield><datafield ind1=" " ind2=" " tag="752"><subfield code="a">United States</subfield><subfield code="b">Massachusetts</subfield><subfield code="c">Suffolk</subfield><subfield code="d">Boston.</subfield></datafield><datafield ind1="1" ind2=" " tag="775"><subfield code="t">Boston evening transcript (Boston, Mass. : 1854)</subfield><subfield code="w">(DLC)sn 83045536</subfield><subfield code="w">(OCoLC)1536851</subfield></datafield><datafield ind1="1" ind2=" " tag="775"><subfield code="t">Boston daily evening transcript</subfield><subfield code="w">(DLC)sn 84023791</subfield><subfield code="w">(OCoLC)11022267</subfield></datafield><datafield ind1="1" ind2=" " tag="775"><subfield code="t">Boston evening transcript (Boston, Mass. : 1872)</subfield><subfield code="w">(DLC)sn 84023792</subfield><subfield code="w">(OCoLC)11022371</subfield></datafield><datafield ind1="0" ind2=" " tag="775"><subfield code="t">Boston transcript for California</subfield><subfield code="w">(DLC)sn 93059336</subfield><subfield code="w">(OCoLC)28745852</subfield></datafield><datafield ind1="0" ind2="0" tag="780"><subfield code="t">New world (Boston, Mass. : 1852)</subfield><subfield code="w">(DLC)sn 84023708</subfield><subfield code="w">(OCoLC)10958753</subfield></datafield></record>